@inproceedings{siddharth2014seeing,
  title={Seeing What You're Told: Sentence-Guided Activity Recognition in Video},
  author={Siddharth, Narayanaswamy and Barbu, Andrei and Siskind, Jeffrey Mark},
  booktitle={Computer Vision and Pattern Recognition (CVPR), 2014 IEEE Conference on},
  pages={732--739},
  year={2014},
  organization={IEEE}
}

 @inproceedings{depthfayao,
    author = {Fayao Liu and Chunhua Shen and Guosheng Lin},
    title  = {Deep Convolutional Neural Fields for Depth Estimation from a Single Image},
    booktitle= {Proc. IEEE Conf. Computer Vision and Pattern Recognition},
    year   = {2015},
    url    = {http://arxiv.org/abs/1411.6387},
    pages  = {},
}
// R-CNN object detection
@inproceedings{girshick2014rcnn,
  Author    = {Ross Girshick and
               Jeff Donahue and
               Trevor Darrell and
               Jitendra Malik},
  Title     = {Rich feature hierarchies for accurate
               object detection and semantic segmentation},
  Booktitle = {Proceedings of the IEEE Conference on
               Computer Vision and Pattern Recognition ({CVPR})},
  Year      = {2014}}

@article{imagenetHistory,
  author    = {Olga Russakovsky and
               Jia Deng and
               Hao Su and
               Jonathan Krause and
               Sanjeev Satheesh and
               Sean Ma and
               Zhiheng Huang and
               Andrej Karpathy and
               Aditya Khosla and
               Michael S. Bernstein and
               Alexander C. Berg and
               Li Fei{-}Fei},
  title     = {ImageNet Large Scale Visual Recognition Challenge},
  journal   = {CoRR},
  volume    = {abs/1409.0575},
  year      = {2014},
  url       = {http://arxiv.org/abs/1409.0575},
  timestamp = {Wed, 01 Oct 2014 15:00:04 +0200},
  biburl    = {http://dblp.uni-trier.de/rec/bib/journals/corr/RussakovskyDSKSMHKKBBF14},
  bibsource = {dblp computer science bibliography, http://dblp.org}
}



@article{googlenet,
  title={Going deeper with convolutions},
  author={Szegedy, Christian and Liu, Wei and Jia, Yangqing and Sermanet, Pierre and Reed, Scott and Anguelov, Dragomir and Erhan, Dumitru and Vanhoucke, Vincent and Rabinovich, Andrew},
  journal={arXiv preprint arXiv:1409.4842},
  year={2014}
}

@inproceedings{krizhevsky2012imagenet,
  title={Imagenet classification with deep convolutional neural networks},
  author={Krizhevsky, Alex and Sutskever, Ilya and Hinton, Geoffrey E},
  booktitle={Advances in neural information processing systems},
  pages={1097--1105},
  year={2012}
}

